@book{Pierce:2002:TPL:509043,
 author = {Pierce, Benjamin C.},
 title = {Types and programming languages},
 year = {2002},
 isbn = {0-262-16209-1},
 publisher = {MIT Press},
 address = {Cambridge, MA, USA},
} 

@book{DIE05B,
    author = {Diestel, Reinhard},
    citeulike-article-id = {3561618},
    citeulike-linkout-0 = {http://vg00.met.vgwort.de/na/ddfc84df913d6ef96f8f?l=http://www.math.uni-hamburg.de/home/diestel/books/graph.theory/GraphTheoryIII.pdf},
    edition = {Third},
    keywords = {file-import-08-11-17, graph-theory},
    posted-at = {2008-11-17 20:06:51},
    priority = {2},
    publisher = {Springer-Verlag, Heidelberg},
    series = {Graduate Texts in Mathematics},
    title = {{Graph Theory}},
    url = {http://vg00.met.vgwort.de/na/ddfc84df913d6ef96f8f?l=http://www.math.uni-hamburg.de/home/diestel/books/graph.theory/GraphTheoryIII.pdf},
    volume = {173},
    year = {2005}
}

